
@inproceedings{querel2018warningsguru,
	title={Warningsguru: Integrating statistical bug models with static analysis to provide timely and specific bug warnings},
	author={Querel, Louis-Philippe and Rigby, Peter C},
	booktitle={Proceedings of the 2018 26th ACM Joint Meeting on European Software Engineering Conference and Symposium on the Foundations of Software Engineering},
	pages={892--895},
	year={2018}
}

@inproceedings{rosen2015commit,
	title={Commit guru: analytics and risk prediction of software commits},
	author={Rosen, Christoffer and Grawi, Ben and Shihab, Emad},
	booktitle={Proceedings of the 2015 10th joint meeting on foundations of software engineering},
	pages={966--969},
	year={2015}
}

@inproceedings{tan2015online,
	title={Online defect prediction for imbalanced data},
	author={Tan, Ming and Tan, Lin and Dara, Sashank and Mayeux, Caleb},
	booktitle={2015 IEEE/ACM 37th IEEE International Conference on Software Engineering},
	volume={2},
	pages={99--108},
	year={2015},
	organization={IEEE}
}


@inproceedings{jiang2013personalized,
	title={Personalized defect prediction},
	author={Jiang, Tian and Tan, Lin and Kim, Sunghun},
	booktitle={2013 28th IEEE/ACM International Conference on Automated Software Engineering (ASE)},
	pages={279--289},
	year={2013},
	organization={Ieee}
}
